\nocite{*}

@book{woolson2011statistical,
  title={Statistical methods for the analysis of biomedical data},
  author={Woolson, Robert F and Clarke, William R},
  volume={371},
  year={2011},
  publisher={John Wiley \& Sons}
}

@book{sapsford2006data,
	title={Data collection and analysis},
	author={Sapsford, Roger and Jupp, Victor},
	year={2006},
	publisher={Sage}
}

@article{FISHER200993,
	title = "Understanding descriptive statistics",
	journal = "Australian Critical Care",
	volume = "22",
	number = "2",
	pages = "93 - 97",
	year = "2009",
	issn = "1036-7314",
	doi = "https://doi.org/10.1016/j.aucc.2008.11.003",
	url = "http://www.sciencedirect.com/science/article/pii/S1036731408001732",
	author = "Murray J. Fisher and Andrea P. Marshall",
	keywords = "Statistical procedures",
	keywords = "Descriptive statistics",
	keywords = "Levels of measurement"
}

@book{dupont2009statistical,
	title={Statistical modeling for biomedical researchers: a simple introduction to the analysis of complex data},
	author={Dupont, William D and Dupont, William Dudley},
	year={2009},
	publisher={Cambridge University Press}
}

@book{shiavi2010introduction,
	title={Introduction to applied statistical signal analysis: Guide to biomedical and electrical engineering applications},
	author={Shiavi, Richard},
	year={2010},
	publisher={Academic Press}
}

@book{muenchen2011r,
	title={R for SAS and SPSS users},
	author={Muenchen, Robert A},
	year={2011},
	publisher={Springer Science \& Business Media}
}

@book{o2013step,
	title={A step-by-step approach to using SAS for factor analysis and structural equation modeling},
	author={O'Rourke, Norm and Hatcher, Larry},
	year={2013},
	publisher={Sas Institute}
}

@book{muijs2010doing,
	title={Doing quantitative research in education with SPSS},
	author={Muijs, Daniel},
	year={2010},
	publisher={Sage}
}

@inproceedings{mckinney2010data,
	title={Data structures for statistical computing in python},
	author={McKinney, Wes and others},
	booktitle={Proceedings of the 9th Python in Science Conference},
	volume={445},
	pages={51--56},
	year={2010},
	organization={SciPy Austin, TX}
}

@book{martinez2007computational,
	title={Computational statistics handbook with MATLAB},
	author={Martinez, Wendy L and Martinez, Angel R},
	volume={22},
	year={2007},
	publisher={CRC press}
}

@MISC{BlogKromme2017,
	author =       {J. Kromme},
	title =        {Python \& R vs. SPSS \& SAS},
	editor =       {R-Bloggers},
	month =        {March},
	year =         {2017},
	note = {https://www.r-bloggers.com/python-r-vs-spss-sas/}
}

@MISC{BlogJain2017,
	author =       {K. Jain},
	title =        {Python vs. R (vs. SAS) – which tool should I learn?},
	month =        {September},
	year =         {2017},
	note =
	{https://www.analyticsvidhya.com/blog/2017/09/sas-vs-vs-python-tool-learn/}
}

@MISC{BlogSupport2017,
	author =       {Support},
	title =        {R vs SAS vs SPSS – Top 3 Data Analytics tools Comparison},
	month =        {March},
	year =         {2017},
	note =
	{http://data-flair.training/blogs/r-sas-spss-data-analytics-tools-comparison/}
}

@MISC{BlogWillems2014,
	author =       {K. Willems},
	title =        {What Is the Best Statistical Programming Language?
	Infograph},
	month =        {June},
	year =         {2014},
	note =
	{https://www.datacamp.com/community/tutorials/statistical-language-wars-the-infograph}
}

@book{rojas2013neural,
	title={Neural networks: a systematic introduction},
	author={Rojas, Ra{\'u}l},
	year={2013},
	publisher={Springer Science \& Business Media}
}

@book{heiberger2004statistical,
	title={Statistical analysis and data display},
	author={Heiberger, Richard M and Holland, Burt},
	journal={Berlin: Springer},
	year={2004},
	publisher={Springer}
}

@book{Goodfellow-et-al-2016,
	title={Deep Learning},
	author={Ian Goodfellow and Yoshua Bengio and Aaron Courville},
	publisher={MIT Press},
	note={\url{http://www.deeplearningbook.org}},
	year={2016}
}

@article{greenspan2016guest,
	title={Guest editorial deep learning in medical imaging: Overview and
	future promise of an exciting new technique},
	author={Greenspan, Hayit and van Ginneken, Bram and Summers, Ronald M},
	journal={IEEE Transactions on Medical Imaging},
	volume={35},
	number={5},
	pages={1153--1159},
	year={2016},
	publisher={IEEE}
}

@Inbook{Wang2003,
	author="Wang, Sun-Chong",
	title="Artificial Neural Network",
	bookTitle="Interdisciplinary Computing in Java Programming",
	year="2003",
	publisher="Springer US",
	address="Boston, MA",
	pages="81--100",
	abstract="Inspired by the sophisticated functionality of human brains where
	hundreds of billions of interconnected neurons process information in
	parallel, researchers have successfully tried demonstrating certain levels
	of intelligence on silicon. Examples include language translation and
	pattern recognition software. While simulation of human consciousness and
	emotion is still in the realm of science fiction, we, in this chapter,
	consider artificial neural networks as universal function approximators.
	Especially, we introduce neural networks which are suited for time series
	forecasts.",
	isbn="978-1-4615-0377-4",
	doi="10.1007/978-1-4615-0377-4_5",
	url="https://doi.org/10.1007/978-1-4615-0377-4_5"
}

@inproceedings{bergstra2010theano,
	title={Theano: A CPU and GPU math compiler in Python},
	author={Bergstra, James and Breuleux, Olivier and Bastien, Fr{\'e}d{\'e}ric
	and Lamblin, Pascal and Pascanu, Razvan and Desjardins, Guillaume and
	Turian, Joseph and Warde-Farley, David and Bengio, Yoshua},
	booktitle={Proc. 9th Python in Science Conf},
	pages={1--7},
	year={2010}
}

@article{al2016theano,
	title={Theano: A Python framework for fast computation of mathematical
	expressions},
	author={Al-Rfou, Rami and Alain, Guillaume and Almahairi, Amjad and
	Angermueller, Christof and Bahdanau, Dzmitry and Ballas, Nicolas and
	Bastien, Fr{\'e}d{\'e}ric and Bayer, Justin and Belikov, Anatoly and
	Belopolsky, Alexander and others},
	journal={arXiv preprint},
	year={2016}
}

@article{kovalev2016deep,
	title={Deep Learning with Theano, Torch, Caffe, Tensorflow, and
	Deeplearning4J: Which One is the Best in Speed and Accuracy?},
	author={Kovalev, Vassili and Kalinovsky, Alexander and Kovalev, Sergey},
	year={2016},
	publisher={Minsk: Publishing Center of BSU}
}

@inproceedings{abadi2016tensorflow,
	title={TensorFlow: A System for Large-Scale Machine Learning.},
	author={Abadi, Mart{\'\i}n and Barham, Paul and Chen, Jianmin and Chen,
	Zhifeng and Davis, Andy and Dean, Jeffrey and Devin, Matthieu and Ghemawat,
	Sanjay and Irving, Geoffrey and Isard, Michael and others},
	booktitle={OSDI},
	volume={16},
	pages={265--283},
	year={2016}
}

@article{DBLP:journals/corr/JiaSDKLGGD14,
	author    = {Yangqing Jia and
	Evan Shelhamer and
	Jeff Donahue and
	Sergey Karayev and
	Jonathan Long and
	Ross B. Girshick and
	Sergio Guadarrama and
	Trevor Darrell},
	title     = {Caffe: Convolutional Architecture for Fast Feature Embedding},
	journal   = {CoRR},
	volume    = {abs/1408.5093},
	year      = {2014},
	url       = {http://arxiv.org/abs/1408.5093},
	timestamp = {Wed, 07 Jun 2017 14:40:16 +0200},
	biburl    = {http://dblp.org/rec/bib/journals/corr/JiaSDKLGGD14},
	bibsource = {dblp computer science bibliography, http://dblp.org}
}

@article{bahrampour2016comparative,
	title={Comparative study of caffe, neon, theano, and torch for deep
	learning},
	author={Bahrampour, Soheil and Ramakrishnan, Naveen and Schott, Lukas and
	Shah, Mohak},
	year={2016}
}

@techreport{collobert2002torch,
	title={Torch: a modular machine learning software library},
	author={Collobert, Ronan and Bengio, Samy and Mari{\'e}thoz, Johnny},
	year={2002},
	institution={Idiap}
}

@article{pedregosa2011scikit,
	title={Scikit-learn: Machine learning in Python},
	author={Pedregosa, Fabian and Varoquaux, Ga{\"e}l and Gramfort, Alexandre
	and Michel, Vincent and Thirion, Bertrand and Grisel, Olivier and Blondel,
	Mathieu and Prettenhofer, Peter and Weiss, Ron and Dubourg, Vincent and
	others},
	journal={Journal of Machine Learning Research},
	volume={12},
	number={Oct},
	pages={2825--2830},
	year={2011}
}

@article{DBLP:journals/corr/ShiWXC16,
	author    = {Shaohuai Shi and
	Qiang Wang and
	Pengfei Xu and
	Xiaowen Chu},
	title     = {Benchmarking State-of-the-Art Deep Learning Software Tools},
	journal   = {CoRR},
	volume    = {abs/1608.07249},
	year      = {2016},
	url       = {http://arxiv.org/abs/1608.07249},
	archivePrefix = {arXiv},
	eprint    = {1608.07249},
	timestamp = {Wed, 07 Jun 2017 14:40:24 +0200},
	biburl    = {http://dblp.org/rec/bib/journals/corr/ShiWXC16},
	bibsource = {dblp computer science bibliography, http://dblp.org}
}

@article{rampasek2016tensorflow,
	title={Tensorflow: Biology’s gateway to deep learning?},
	author={Rampasek, Ladislav and Goldenberg, Anna},
	journal={Cell systems},
	volume={2},
	number={1},
	pages={12--14},
	year={2016},
	publisher={Elsevier}
}

@article{fox2016software,
	title={Software Frameworks for Deep Learning at Scale},
	author={Fox, James and Zou, Yiming and Qiu, Judy},
	journal={Internal Indiana University Technical Report},
	year={2016}
}

@inproceedings{parvat2017survey,
	title={A survey of deep-learning frameworks},
	author={Parvat, Aniruddha and Chavan, Jai and Kadam, Siddhesh and Dev,
	Souradeep and Pathak, Vidhi},
	booktitle={Inventive Systems and Control (ICISC), 2017 International
	Conference on},
	pages={1--7},
	year={2017},
	organization={IEEE}
}

@article{erickson2017toolkits,
	title={Toolkits and Libraries for Deep Learning},
	author={Erickson, Bradley J and Korfiatis, Panagiotis and Akkus, Zeynettin
	and Kline, Timothy and Philbrick, Kenneth},
	journal={Journal of Digital Imaging},
	pages={1--6},
	year={2017},
	publisher={Springer}
}

@article{Deneer2017Thesis,
    title={Scoring co-morbidity severity in bariatric patients based on biomarkers: a data mining approach},
    author={Deneer, Ruben},
    year={2017},
    institution={University of Technology Eindhoven}
}

@book{bronzino2014biomedical,
	title={Biomedical engineering fundamentals},
	author={Bronzino, Joseph D and Peterson, Donald R},
	year={2014},
	publisher={CRC press}
}

@Article{Yoo2012,
	author="Yoo, Illhoi
	and Alafaireet, Patricia
	and Marinov, Miroslav
	and Pena-Hernandez, Keila
	and Gopidi, Rajitha
	and Chang, Jia-Fu
	and Hua, Lei",
	title="Data Mining in Healthcare and Biomedicine: A Survey of the Literature",
	journal="Journal of Medical Systems",
	year="2012",
	month="Aug",
	day="01",
	volume="36",
	number="4",
	pages="2431--2448",
	issn="1573-689X",
	doi="10.1007/s10916-011-9710-5",
	url="https://doi.org/10.1007/s10916-011-9710-5"
}

@article{PENG201015,
	title = "A novel feature selection approach for biomedical data classification",
	journal = "Journal of Biomedical Informatics",
	volume = "43",
	number = "1",
	pages = "15 - 23",
	year = "2010",
	issn = "1532-0464",
	doi = "https://doi.org/10.1016/j.jbi.2009.07.008",
	url = "http://www.sciencedirect.com/science/article/pii/S1532046409001014",
	author = "Yonghong Peng and Zhiqing Wu and Jianmin Jiang",
	keywords = "Feature selection, Biomedical data classification, SFFS, ROC"
}

@article{CIOS20021,
	title = "Uniqueness of medical data mining",
	journal = "Artificial Intelligence in Medicine",
	volume = "26",
	number = "1",
	pages = "1 - 24",
	year = "2002",
	note = "Medical Data Mining and Knowledge Discovery",
	issn = "0933-3657",
	doi = "https://doi.org/10.1016/S0933-3657(02)00049-0",
	url = "http://www.sciencedirect.com/science/article/pii/S0933365702000490",
	author = "Krzysztof J. Cios and G. William Moore",
	keywords = "Medical data mining, Unique features of medical data mining and knowledge discovery, Ethical, Security and legal aspects of medical data mining"
}

@article{YANG2012S16,
	title = "Target discovery from data mining approaches",
	journal = "Drug Discovery Today",
	volume = "17",
	number = "Supplement ",
	pages = "S16 - S23",
	year = "2012",
	note = "Strategic Approach to Target Identification and Validation: A Supplement to Drug Discovery Today",
	issn = "1359-6446",
	doi = "https://doi.org/10.1016/j.drudis.2011.12.006",
	url = "http://www.sciencedirect.com/science/article/pii/S1359644611004338",
	author = "Yongliang Yang and S. James Adelstein and Amin I. Kassis"
}

@Inbook{Holzinger2014,
	author="Holzinger, Andreas
	and Jurisica, Igor",
	title="Knowledge Discovery and Data Mining in Biomedical Informatics: The Future Is in Integrative, Interactive Machine Learning Solutions",
	bookTitle="Interactive Knowledge Discovery and Data Mining in Biomedical Informatics: State-of-the-Art and Future Challenges",
	year="2014",
	publisher="Springer Berlin Heidelberg",
	address="Berlin, Heidelberg",
	pages="1--18",
	isbn="978-3-662-43968-5",
	doi="10.1007/978-3-662-43968-5_1",
	url="https://doi.org/10.1007/978-3-662-43968-5_1"
}

@Inbook{Otasek2014,
	author="Otasek, David
	and Pastrello, Chiara
	and Holzinger, Andreas
	and Jurisica, Igor",
	title="Visual Data Mining: Effective Exploration of the Biological Universe",
	bookTitle="Interactive Knowledge Discovery and Data Mining in Biomedical Informatics: State-of-the-Art and Future Challenges",
	year="2014",
	publisher="Springer Berlin Heidelberg",
	address="Berlin, Heidelberg",
	pages="19--33",
	isbn="978-3-662-43968-5",
	doi="10.1007/978-3-662-43968-5_2",
	url="https://doi.org/10.1007/978-3-662-43968-5_2"
}

@Inbook{Turkay2014,
	author="Turkay, Cagatay
	and Jeanquartier, Fleur
	and Holzinger, Andreas
	and Hauser, Helwig",
	title="On Computationally-Enhanced Visual Analysis of Heterogeneous Data and Its Application in Biomedical Informatics",
	bookTitle="Interactive Knowledge Discovery and Data Mining in Biomedical Informatics: State-of-the-Art and Future Challenges",
	year="2014",
	publisher="Springer Berlin Heidelberg",
	address="Berlin, Heidelberg",
	pages="117--140",
	isbn="978-3-662-43968-5",
	doi="10.1007/978-3-662-43968-5_7",
	url="https://doi.org/10.1007/978-3-662-43968-5_7"
}

@Inbook{Kobayashi2014,
	author="Kobayashi, Mei",
	title="Resources for Studying Statistical Analysis of Biomedical Data and R",
	bookTitle="Interactive Knowledge Discovery and Data Mining in Biomedical Informatics: State-of-the-Art and Future Challenges",
	year="2014",
	publisher="Springer Berlin Heidelberg",
	address="Berlin, Heidelberg",
	pages="183--195",
	isbn="978-3-662-43968-5",
	doi="10.1007/978-3-662-43968-5_10",
	url="https://doi.org/10.1007/978-3-662-43968-5_10"
}

@Inbook{Windridge2014,
	author="Windridge, David
	and Bober, Miroslaw",
	title="A Kernel-Based Framework for Medical Big-Data Analytics",
	bookTitle="Interactive Knowledge Discovery and Data Mining in Biomedical Informatics: State-of-the-Art and Future Challenges",
	year="2014",
	publisher="Springer Berlin Heidelberg",
	address="Berlin, Heidelberg",
	pages="197--208",
	isbn="978-3-662-43968-5",
	doi="10.1007/978-3-662-43968-5_11",
	url="https://doi.org/10.1007/978-3-662-43968-5_11"
}

@article{bellazzi2011data,
	title={Data analysis and data mining: current issues in biomedical informatics},
	author={Bellazzi, Riccardo and Diomidous, Marianna and Sarkar, Indra Neil and Takabayashi, Katsuhiko and Ziegler, Andreas and McCray, Alexa T and others},
	journal={Methods of information in medicine},
	volume={50},
	number={6},
	pages={536},
	year={2011}
}

@article{doi:10.1093/bib/bbx044,
	author = {Miotto, Riccardo and Wang, Fei and Wang, Shuang and Jiang, Xiaoqian and Dudley, Joel T.},
	title = {Deep learning for healthcare: review, opportunities and challenges},
	journal = {Briefings in Bioinformatics},
	volume = {},
	number = {},
	pages = {bbx044},
	year = {2017},
	doi = {10.1093/bib/bbx044},
	URL = { + http://dx.doi.org/10.1093/bib/bbx044},
	eprint = {/oup/backfile/content_public/journal/bib/pap/10.1093_bib_bbx044/1/bbx044.pdf}
}

@ARTICLE{7024124, 
	author={J. E. Vogt}, 
	journal={IEEE/ACM Transactions on Computational Biology and Bioinformatics}, 
	title={Unsupervised Structure Detection in Biomedical Data}, 
	year={2015}, 
	volume={12}, 
	number={4}, 
	pages={753-760}, 
	keywords={data analysis;data structures;medical computing;pattern clustering;unsupervised learning;biomedical data sets;complex underlying structure;computational biology;data structure;density based clustering methods;detects structure;distance data;easy-to-implement method;high-dimensional data;ranked neighborhood comparisons;social network analysis;state-of-the-art clustering methods;unsupervised structure detection;Bioinformatics;Clustering methods;Data visualization;Indexes;Proteins;Runtime;Sparse matrices;Bioinformatics;Clustering;Data Mining;Data mining;Knowledge Discovery;Network Analysis;Structure Detection;Unsupervised Learning;bioinformatics;clustering;knowledge discovery;network analysis;structure detection;unsupervised learning;Algorithms;Anti-HIV Agents;Artificial Intelligence;Computational Biology;Data Mining;Databases, Factual;Drug Discovery;HIV Infections;Humans;Neoplasms;Pattern Recognition, Automated}, 
	doi={10.1109/TCBB.2015.2394408}, 
	ISSN={1545-5963}, 
	month={July},}

@article{zupan2006knowledge,
	title={Knowledge-based data analysis and interpretation},
	author={Zupan, Blaz and Holmes, John H and Bellazzi, Riccardo},
	journal={Artificial Intelligence in Medicine},
	volume={37},
	number={3},
	pages={163--165},
	year={2006},
	publisher={Elsevier}
}

@inproceedings{fayyad1996knowledge,
	title={Knowledge Discovery and Data Mining: Towards a Unifying Framework.},
	author={Fayyad, Usama M and Piatetsky-Shapiro, Gregory and Smyth, Padhraic and others},
	booktitle={KDD},
	volume={96},
	pages={82--88},
	year={1996}
}

@article{cios2000knowledge,
	title={A knowledge discovery approach to diagnosing myocardial perfusion},
	author={Cios, Krzysztof J and Teresinska, Anna and Konieczna, Stefania and Potocka, Joanna and Sharma, Sunil},
	journal={IEEE Engineering in Medicine and Biology Magazine},
	volume={19},
	number={4},
	pages={17--25},
	year={2000},
	publisher={IEEE}
}

@book{chen2006medical,
	title={Medical informatics: knowledge management and data mining in biomedicine},
	author={Chen, Hsinchun and Fuller, Sherrilynne S and Friedman, Carol and Hersh, William},
	volume={8},
	year={2006},
	publisher={Springer Science \& Business Media}
}

@article{blythe2008rise,
	title={Rise of the graphics processor},
	author={Blythe, David},
	journal={Proceedings of the IEEE},
	volume={96},
	number={5},
	pages={761--778},
	year={2008},
	publisher={IEEE}
}

@article{marenco2004qis,
	title={QIS: A framework for biomedical database federation},
	author={Marenco, Luis and Wang, Tzuu-Yi and Shepherd, Gordon and Miller, Perry L and Nadkarni, Prakash},
	journal={Journal of the American Medical Informatics Association},
	volume={11},
	number={6},
	pages={523--534},
	year={2004},
	publisher={BMJ Group BMA House, Tavistock Square, London, WC1H 9JR}
}

@article{bichutskiy2006heterogeneous,
	title={Heterogeneous biomedical database integration using a hybrid strategy: a p53 cantcer research database},
	author={Bichutskiy, Vadim Y and Colman, Richard and Brachmann, Rainer K and Lathrop, Richard H},
	journal={Cancer informatics},
	volume={2},
	pages={277},
	year={2006},
	publisher={SAGE Publications}
}

@inproceedings{sperzel1991biomedical,
	title={Biomedical database inter-connectivity: an experiment linking MIM, GENBANK, and META-1 via MEDLINE.},
	author={Sperzel, WD and Abarbanel, RM and Nelson, SJ and Erlbaum, MS and Sherertz, DD and Tuttle, MS and Olson, NE and Fuller, LF},
	booktitle={Proceedings of the Annual Symposium on Computer Application in Medical Care},
	pages={190},
	year={1991},
	organization={American Medical Informatics Association}
}

@article{aubry1988design,
	title={Design and implementation of a biomedical image database (BDIM)},
	author={Aubry, F and Badaoui, S and Kaplan, H and Paola, R Di},
	journal={Medical Informatics},
	volume={13},
	number={4},
	pages={241--248},
	year={1988},
	publisher={Taylor \& Francis}
}

@book{hand2001principles,
	title={Principles of data mining},
	author={Hand, David J and Mannila, Heikki and Smyth, Padhraic},
	year={2001},
	publisher={MIT press}
}

@book{bramer2007principles,
	title={Principles of data mining},
	author={Bramer, Max},
	volume={180},
	year={2007},
	publisher={Springer}
}

@book{dubitzky2007fundamentals,
	title={Fundamentals of data mining in genomics and proteomics},
	author={Dubitzky, Werner and Granzow, Martin and Berrar, Daniel P},
	year={2007},
	publisher={Springer Science \& Business Media}
}

@inproceedings{feurer2015efficient,
	title={Efficient and robust automated machine learning},
	author={Feurer, Matthias and Klein, Aaron and Eggensperger, Katharina and Springenberg, Jost and Blum, Manuel and Hutter, Frank},
	booktitle={Advances in Neural Information Processing Systems},
	pages={2962--2970},
	year={2015}
}

@inproceedings{thornton2013auto,
	title={Auto-WEKA: Combined selection and hyperparameter optimization of classification algorithms},
	author={Thornton, Chris and Hutter, Frank and Hoos, Holger H and Leyton-Brown, Kevin},
	booktitle={Proceedings of the 19th ACM SIGKDD international conference on Knowledge discovery and data mining},
	pages={847--855},
	year={2013},
	organization={ACM}
}

@article{kotthoff2016auto,
	title={Auto-WEKA 2.0: Automatic model selection and hyperparameter optimization in WEKA},
	author={Kotthoff, Lars and Thornton, Chris and Hoos, Holger H and Hutter, Frank and Leyton-Brown, Kevin},
	journal={Journal of Machine Learning Research},
	volume={17},
	pages={1--5},
	year={2016}
}

@inproceedings{olson2016tpot,
	title={TPOT: A Tree-based Pipeline Optimization Tool for Automating Machine Learning},
	author={Olson, Randal S and Moore, Jason H},
	booktitle={Workshop on Automatic Machine Learning},
	pages={66--74},
	year={2016}
}

@book{banzhaf1998genetic,
	title={Genetic programming: an introduction},
	author={Banzhaf, Wolfgang and Nordin, Peter and Keller, Robert E and Francone, Frank D},
	volume={1},
	year={1998},
	publisher={Morgan Kaufmann San Francisco}
}

@inproceedings{olson2016evaluation,
	title={Evaluation of a tree-based pipeline optimization tool for automating data science},
	author={Olson, Randal S and Bartley, Nathan and Urbanowicz, Ryan J and Moore, Jason H},
	booktitle={Proceedings of the 2016 on Genetic and Evolutionary Computation Conference},
	pages={485--492},
	year={2016},
	organization={ACM}
}

@article{Gijsbers2017Thesis,
	title={Automatic construction of machine learning pipelines},
	author={Gijsbers, Pieter},
	year={2017},
	institution={University of Technology Eindhoven}
}

@inproceedings{brazdil1994characterizing,
	title={Characterizing the applicability of classification algorithms using meta-level learning},
	author={Brazdil, Pavel and Gama, Jo{\=a}o and Henery, Bob},
	booktitle={European conference on machine learning},
	pages={83--102},
	year={1994},
	organization={Springer}
}

@article{vilalta2004using,
	title={Using Meta-Learning to Support Data Mining.},
	author={Vilalta, Ricardo and Giraud-Carrier, Christophe G and Brazdil, Pavel and Soares, Carlos},
	journal={IJCSA},
	volume={1},
	number={1},
	pages={31--45},
	year={2004}
}

@article{brazdil2009development,
	title={Development of metalearning systems for algorithm recommendation},
	author={Brazdil, Pavel and Giraud-Carrier, Christophe and Soares, Carlos and Vilalta, Ricardo},
	journal={Metalearning: Applications to Data Mining},
	pages={31--59},
	year={2009},
	publisher={Springer}
}

@article{claesen2015hyperparameter,
	title={Hyperparameter Search in Machine Learning},
	author={Claesen, Marc and De Moor, Bart},
	journal={arXiv preprint arXiv:1502.02127},
	year={2015}
}

@article{bergstra2012random,
	title={Random search for hyper-parameter optimization},
	author={Bergstra, James and Bengio, Yoshua},
	journal={Journal of Machine Learning Research},
	volume={13},
	number={Feb},
	pages={281--305},
	year={2012}
}

@article{hsu2003practical,
	title={A practical guide to support vector classification},
	author={Hsu, Chih-Wei and Chang, Chih-Chung and Lin, Chih-Jen and others},
	year={2003},
	publisher={Taipei, Taiwan}
}

@inproceedings{snoek2012practical,
	title={Practical bayesian optimization of machine learning algorithms},
	author={Snoek, Jasper and Larochelle, Hugo and Adams, Ryan P},
	booktitle={Advances in neural information processing systems},
	pages={2951--2959},
	year={2012}
}

@article{somorjai2004data,
	title={A data-driven, flexible machine learning strategy for the classification of biomedical data},
	author={Somorjai, Rajmund and Alexander, Murray and Baumgartner, Richard and Booth, Stephanie and Bowman, Christopher and Demko, Aleksander and Dolenko, Brion and Mandelzweig, Marina and Nikulin, Aleksander and Pizzi, Nicolino and others},
	journal={Artificial intelligence methods and tools for systems biology},
	pages={67--85},
	year={2004},
	publisher={Springer}
}

@article{karagiannis2011noise,
	title={Noise-assisted data processing with empirical mode decomposition in biomedical signals},
	author={Karagiannis, Alexandros and Constantinou, Philip},
	journal={IEEE Transactions on Information Technology in Biomedicine},
	volume={15},
	number={1},
	pages={11--18},
	year={2011},
	publisher={IEEE}
}

@article{gamberger2000noise,
	title={Noise detection and elimination in data preprocessing: experiments in medical domains},
	author={Gamberger, Dragan and Lavrac, Nada and Dzeroski, Saso},
	journal={Applied Artificial Intelligence},
	volume={14},
	number={2},
	pages={205--223},
	year={2000},
	publisher={Taylor \& Francis}
}

@article{famili1997data,
	title={Data preprocessing and intelligent data analysis},
	author={Famili, A and Shen, Wei-Min and Weber, Richard and Simoudis, Evangelos},
	journal={Intelligent data analysis},
	volume={1},
	number={1-4},
	pages={3--23},
	year={1997},
	publisher={Elsevier}
}

@inproceedings{duszak1994using,
	title={Using principal component transformation in machine learning},
	author={Duszak, Z and Koczkodaj, WW},
	booktitle={Proceedings of International Conference on Systems Research, Informatics and Cybernetics, Baden-Baden Germany},
	pages={125--129},
	year={1994}
}

@inproceedings{olson2016automating,
	title={Automating biomedical data science through tree-based pipeline optimization},
	author={Olson, Randal S and Urbanowicz, Ryan J and Andrews, Peter C and Lavender, Nicole A and Moore, Jason H and others},
	booktitle={European Conference on the Applications of Evolutionary Computation},
	pages={123--137},
	year={2016},
	organization={Springer}
}

@article{zhu2011missing,
	title={Missing value estimation for mixed-attribute data sets},
	author={Zhu, Xiaofeng and Zhang, Shichao and Jin, Zhi and Zhang, Zili and Xu, Zhuoming},
	journal={IEEE Transactions on Knowledge and Data Engineering},
	volume={23},
	number={1},
	pages={110--121},
	year={2011},
	publisher={IEEE}
}

@article{rapp1999psoriasis,
	title={Psoriasis causes as much disability as other major medical diseases},
	author={Rapp, Stephen R and Feldman, Steven R and Exum, M Lyn and Fleischer, Alan B and Reboussin, David M},
	journal={Journal of the American Academy of Dermatology},
	volume={41},
	number={3},
	pages={401--407},
	year={1999},
	publisher={Elsevier}
}

@article{jowett1985skin,
	title={Skin disease and handicap: an analysis of the impact of skin conditions},
	author={Jowett, Sandra and Ryan, Terence},
	journal={Social science \& medicine},
	volume={20},
	number={4},
	pages={425--429},
	year={1985},
	publisher={Elsevier}
}

@article{nair2009genome,
	title={Genome-wide scan reveals association of psoriasis with IL-23 and NF-$\kappa$B pathways},
	author={Nair, Rajan P and Duffin, Kristina Callis and Helms, Cynthia and Ding, Jun and Stuart, Philip E and Goldgar, David and Gudjonsson, Johann E and Li, Yun and Tejasvi, Trilokraj and Feng, Bing-Jian and others},
	journal={Nature genetics},
	volume={41},
	number={2},
	pages={199--204},
	year={2009},
	publisher={Nature Publishing Group}
}

@article{suarez2012expanding,
	title={Expanding the psoriasis disease profile: interrogation of the skin and serum of patients with moderate-to-severe psoriasis},
	author={Su{\'a}rez-Farinas, Mayte and Li, Katherine and Fuentes-Duculan, Judilyn and Hayden, Karen and Brodmerkel, Carrie and Krueger, James G},
	journal={Journal of Investigative Dermatology},
	volume={132},
	number={11},
	pages={2552--2564},
	year={2012},
	publisher={Elsevier}
}

@article{bigler2013cross,
	title={Cross-study homogeneity of psoriasis gene expression in skin across a large expression range},
	author={Bigler, Jeannette and Rand, Hugh A and Kerkof, Keith and Timour, Martin and Russell, Christopher B},
	journal={PLoS One},
	volume={8},
	number={1},
	pages={e52242},
	year={2013},
	publisher={Public Library of Science}
}

@article{kim2016spectrum,
	title={The spectrum of mild to severe psoriasis vulgaris is defined by a common activation of IL-17 pathway genes, but with key differences in immune regulatory genes},
	author={Kim, Jaehwan and Bissonnette, Robert and Lee, Jongmi and da Rosa, Joel Correa and Su{\'a}rez-Fari{\~n}as, Mayte and Lowes, Michelle A and Krueger, James G},
	journal={Journal of Investigative Dermatology},
	volume={136},
	number={11},
	pages={2173--2182},
	year={2016},
	publisher={Elsevier}
}

@article{yao2008type,
	title={Type I interferon: potential therapeutic target for psoriasis?},
	author={Yao, Yihong and Richman, Laura and Morehouse, Chris and De Los Reyes, Melissa and Higgs, Brandon W and Boutrin, Anmarie and White, Barbara and Coyle, Anthony and Krueger, James and Kiener, Peter A and others},
	journal={PloS one},
	volume={3},
	number={7},
	pages={e2737},
	year={2008},
	publisher={Public Library of Science}
}

@article{suarez2011nonlesional,
	title={Nonlesional atopic dermatitis skin is characterized by broad terminal differentiation defects and variable immune abnormalities},
	author={Su{\'a}rez-Fari{\~n}as, Mayte and Tintle, Suzanne J and Shemer, Avner and Chiricozzi, Andrea and Nograles, Kristine and Cardinale, Irma and Duan, Shenghui and Bowcock, Anne M and Krueger, James G and Guttman-Yassky, Emma},
	journal={Journal of Allergy and Clinical Immunology},
	volume={127},
	number={4},
	pages={954--964},
	year={2011},
	publisher={Elsevier}
}

@article{tintle2011reversal,
	title={Reversal of atopic dermatitis with narrow-band UVB phototherapy and biomarkers for therapeutic response},
	author={Tintle, Suzanne and Shemer, Avner and Su{\'a}rez-Fari{\~n}as, Mayte and Fujita, Hideki and Gilleaudeau, Patricia and Sullivan-Whalen, Mary and Johnson-Huang, Leanne and Chiricozzi, Andrea and Cardinale, Irma and Duan, Shenghui and others},
	journal={Journal of Allergy and Clinical Immunology},
	volume={128},
	number={3},
	pages={583--593},
	year={2011},
	publisher={Elsevier}
}

@article{gittler2012progressive,
	title={Progressive activation of T H 2/T H 22 cytokines and selective epidermal proteins characterizes acute and chronic atopic dermatitis},
	author={Gittler, Julia K and Shemer, Avner and Su{\'a}rez-Fari{\~n}as, Mayte and Fuentes-Duculan, Judilyn and Gulewicz, Kara J and Wang, Claire QF and Mitsui, Hiroshi and Cardinale, Irma and de Guzman Strong, Cristina and Krueger, James G and others},
	journal={Journal of Allergy and Clinical Immunology},
	volume={130},
	number={6},
	pages={1344--1354},
	year={2012},
	publisher={Elsevier}
}

@article{edgar2002gene,
	title={Gene Expression Omnibus: NCBI gene expression and hybridization array data repository},
	author={Edgar, Ron and Domrachev, Michael and Lash, Alex E},
	journal={Nucleic acids research},
	volume={30},
	number={1},
	pages={207--210},
	year={2002},
	publisher={Oxford University Press}
}