\nocite{*}

@book{woolson2011statistical,
  title={Statistical methods for the analysis of biomedical data},
  author={Woolson, Robert F and Clarke, William R},
  volume={371},
  year={2011},
  publisher={John Wiley \& Sons}
}

@book{sapsford2006data,
	title={Data collection and analysis},
	author={Sapsford, Roger and Jupp, Victor},
	year={2006},
	publisher={Sage}
}

@article{FISHER200993,
	title = "Understanding descriptive statistics",
	journal = "Australian Critical Care",
	volume = "22",
	number = "2",
	pages = "93 - 97",
	year = "2009",
	issn = "1036-7314",
	doi = "https://doi.org/10.1016/j.aucc.2008.11.003",
	url = "http://www.sciencedirect.com/science/article/pii/S1036731408001732",
	author = "Murray J. Fisher and Andrea P. Marshall",
	keywords = "Statistical procedures",
	keywords = "Descriptive statistics",
	keywords = "Levels of measurement"
}

@book{dupont2009statistical,
	title={Statistical modeling for biomedical researchers: a simple introduction to the analysis of complex data},
	author={Dupont, William D and Dupont, William Dudley},
	year={2009},
	publisher={Cambridge University Press}
}

@book{shiavi2010introduction,
	title={Introduction to applied statistical signal analysis: Guide to biomedical and electrical engineering applications},
	author={Shiavi, Richard},
	year={2010},
	publisher={Academic Press}
}

@book{muenchen2011r,
	title={R for SAS and SPSS users},
	author={Muenchen, Robert A},
	year={2011},
	publisher={Springer Science \& Business Media}
}

@book{o2013step,
	title={A step-by-step approach to using SAS for factor analysis and structural equation modeling},
	author={O'Rourke, Norm and Hatcher, Larry},
	year={2013},
	publisher={Sas Institute}
}

@book{muijs2010doing,
	title={Doing quantitative research in education with SPSS},
	author={Muijs, Daniel},
	year={2010},
	publisher={Sage}
}

@inproceedings{mckinney2010data,
	title={Data structures for statistical computing in python},
	author={McKinney, Wes and others},
	booktitle={Proceedings of the 9th Python in Science Conference},
	volume={445},
	pages={51--56},
	year={2010},
	organization={SciPy Austin, TX}
}

@book{martinez2007computational,
	title={Computational statistics handbook with MATLAB},
	author={Martinez, Wendy L and Martinez, Angel R},
	volume={22},
	year={2007},
	publisher={CRC press}
}

@MISC{BlogKromme2017,
	author =       {J. Kromme},
	title =        {Python \& R vs. SPSS \& SAS},
	editor =       {R-Bloggers},
	month =        {March},
	year =         {2017},
	note = {https://www.r-bloggers.com/python-r-vs-spss-sas/}
}

@MISC{BlogJain2017,
	author =       {K. Jain},
	title =        {Python vs. R (vs. SAS) – which tool should I learn?},
	month =        {September},
	year =         {2017},
	note =
	{https://www.analyticsvidhya.com/blog/2017/09/sas-vs-vs-python-tool-learn/}
}

@MISC{BlogSupport2017,
	author =       {Support},
	title =        {R vs SAS vs SPSS – Top 3 Data Analytics tools Comparison},
	month =        {March},
	year =         {2017},
	note =
	{http://data-flair.training/blogs/r-sas-spss-data-analytics-tools-comparison/}
}

@MISC{BlogWillems2014,
	author =       {K. Willems},
	title =        {What Is the Best Statistical Programming Language?
	Infograph},
	month =        {June},
	year =         {2014},
	note =
	{https://www.datacamp.com/community/tutorials/statistical-language-wars-the-infograph}
}

@book{rojas2013neural,
	title={Neural networks: a systematic introduction},
	author={Rojas, Ra{\'u}l},
	year={2013},
	publisher={Springer Science \& Business Media}
}

@book{heiberger2004statistical,
	title={Statistical analysis and data display},
	author={Heiberger, Richard M and Holland, Burt},
	journal={Berlin: Springer},
	year={2004},
	publisher={Springer}
}

@book{Goodfellow-et-al-2016,
	title={Deep Learning},
	author={Ian Goodfellow and Yoshua Bengio and Aaron Courville},
	publisher={MIT Press},
	note={\url{http://www.deeplearningbook.org}},
	year={2016}
}

@article{greenspan2016guest,
	title={Guest editorial deep learning in medical imaging: Overview and
	future promise of an exciting new technique},
	author={Greenspan, Hayit and van Ginneken, Bram and Summers, Ronald M},
	journal={IEEE Transactions on Medical Imaging},
	volume={35},
	number={5},
	pages={1153--1159},
	year={2016},
	publisher={IEEE}
}

@Inbook{Wang2003,
	author="Wang, Sun-Chong",
	title="Artificial Neural Network",
	bookTitle="Interdisciplinary Computing in Java Programming",
	year="2003",
	publisher="Springer US",
	address="Boston, MA",
	pages="81--100",
	abstract="Inspired by the sophisticated functionality of human brains where
	hundreds of billions of interconnected neurons process information in
	parallel, researchers have successfully tried demonstrating certain levels
	of intelligence on silicon. Examples include language translation and
	pattern recognition software. While simulation of human consciousness and
	emotion is still in the realm of science fiction, we, in this chapter,
	consider artificial neural networks as universal function approximators.
	Especially, we introduce neural networks which are suited for time series
	forecasts.",
	isbn="978-1-4615-0377-4",
	doi="10.1007/978-1-4615-0377-4_5",
	url="https://doi.org/10.1007/978-1-4615-0377-4_5"
}

@inproceedings{bergstra2010theano,
	title={Theano: A CPU and GPU math compiler in Python},
	author={Bergstra, James and Breuleux, Olivier and Bastien, Fr{\'e}d{\'e}ric
	and Lamblin, Pascal and Pascanu, Razvan and Desjardins, Guillaume and
	Turian, Joseph and Warde-Farley, David and Bengio, Yoshua},
	booktitle={Proc. 9th Python in Science Conf},
	pages={1--7},
	year={2010}
}

@article{al2016theano,
	title={Theano: A Python framework for fast computation of mathematical
	expressions},
	author={Al-Rfou, Rami and Alain, Guillaume and Almahairi, Amjad and
	Angermueller, Christof and Bahdanau, Dzmitry and Ballas, Nicolas and
	Bastien, Fr{\'e}d{\'e}ric and Bayer, Justin and Belikov, Anatoly and
	Belopolsky, Alexander and others},
	journal={arXiv preprint},
	year={2016}
}

@article{kovalev2016deep,
	title={Deep Learning with Theano, Torch, Caffe, Tensorflow, and
	Deeplearning4J: Which One is the Best in Speed and Accuracy?},
	author={Kovalev, Vassili and Kalinovsky, Alexander and Kovalev, Sergey},
	year={2016},
	publisher={Minsk: Publishing Center of BSU}
}

@inproceedings{abadi2016tensorflow,
	title={TensorFlow: A System for Large-Scale Machine Learning.},
	author={Abadi, Mart{\'\i}n and Barham, Paul and Chen, Jianmin and Chen,
	Zhifeng and Davis, Andy and Dean, Jeffrey and Devin, Matthieu and Ghemawat,
	Sanjay and Irving, Geoffrey and Isard, Michael and others},
	booktitle={OSDI},
	volume={16},
	pages={265--283},
	year={2016}
}

@article{DBLP:journals/corr/JiaSDKLGGD14,
	author    = {Yangqing Jia and
	Evan Shelhamer and
	Jeff Donahue and
	Sergey Karayev and
	Jonathan Long and
	Ross B. Girshick and
	Sergio Guadarrama and
	Trevor Darrell},
	title     = {Caffe: Convolutional Architecture for Fast Feature Embedding},
	journal   = {CoRR},
	volume    = {abs/1408.5093},
	year      = {2014},
	url       = {http://arxiv.org/abs/1408.5093},
	timestamp = {Wed, 07 Jun 2017 14:40:16 +0200},
	biburl    = {http://dblp.org/rec/bib/journals/corr/JiaSDKLGGD14},
	bibsource = {dblp computer science bibliography, http://dblp.org}
}

@article{bahrampour2016comparative,
	title={Comparative study of caffe, neon, theano, and torch for deep
	learning},
	author={Bahrampour, Soheil and Ramakrishnan, Naveen and Schott, Lukas and
	Shah, Mohak},
	year={2016}
}

@techreport{collobert2002torch,
	title={Torch: a modular machine learning software library},
	author={Collobert, Ronan and Bengio, Samy and Mari{\'e}thoz, Johnny},
	year={2002},
	institution={Idiap}
}

@article{pedregosa2011scikit,
	title={Scikit-learn: Machine learning in Python},
	author={Pedregosa, Fabian and Varoquaux, Ga{\"e}l and Gramfort, Alexandre
	and Michel, Vincent and Thirion, Bertrand and Grisel, Olivier and Blondel,
	Mathieu and Prettenhofer, Peter and Weiss, Ron and Dubourg, Vincent and
	others},
	journal={Journal of Machine Learning Research},
	volume={12},
	number={Oct},
	pages={2825--2830},
	year={2011}
}

@article{DBLP:journals/corr/ShiWXC16,
	author    = {Shaohuai Shi and
	Qiang Wang and
	Pengfei Xu and
	Xiaowen Chu},
	title     = {Benchmarking State-of-the-Art Deep Learning Software Tools},
	journal   = {CoRR},
	volume    = {abs/1608.07249},
	year      = {2016},
	url       = {http://arxiv.org/abs/1608.07249},
	archivePrefix = {arXiv},
	eprint    = {1608.07249},
	timestamp = {Wed, 07 Jun 2017 14:40:24 +0200},
	biburl    = {http://dblp.org/rec/bib/journals/corr/ShiWXC16},
	bibsource = {dblp computer science bibliography, http://dblp.org}
}

@article{rampasek2016tensorflow,
	title={Tensorflow: Biology’s gateway to deep learning?},
	author={Rampasek, Ladislav and Goldenberg, Anna},
	journal={Cell systems},
	volume={2},
	number={1},
	pages={12--14},
	year={2016},
	publisher={Elsevier}
}

@article{fox2016software,
	title={Software Frameworks for Deep Learning at Scale},
	author={Fox, James and Zou, Yiming and Qiu, Judy},
	journal={Internal Indiana University Technical Report},
	year={2016}
}

@inproceedings{parvat2017survey,
	title={A survey of deep-learning frameworks},
	author={Parvat, Aniruddha and Chavan, Jai and Kadam, Siddhesh and Dev,
	Souradeep and Pathak, Vidhi},
	booktitle={Inventive Systems and Control (ICISC), 2017 International
	Conference on},
	pages={1--7},
	year={2017},
	organization={IEEE}
}

@article{erickson2017toolkits,
	title={Toolkits and Libraries for Deep Learning},
	author={Erickson, Bradley J and Korfiatis, Panagiotis and Akkus, Zeynettin
	and Kline, Timothy and Philbrick, Kenneth},
	journal={Journal of Digital Imaging},
	pages={1--6},
	year={2017},
	publisher={Springer}
}

@article{Deneer2017Thesis,
    title={Scoring co-morbidity severity in bariatric patients based on biomarkers: a data mining approach},
    author={Deneer, Ruben},
    year={2017},
    institution={University of Technology Eindhoven}
}

@book{bronzino2014biomedical,
	title={Biomedical engineering fundamentals},
	author={Bronzino, Joseph D and Peterson, Donald R},
	year={2014},
	publisher={CRC press}
}

@Article{Yoo2012,
	author="Yoo, Illhoi
	and Alafaireet, Patricia
	and Marinov, Miroslav
	and Pena-Hernandez, Keila
	and Gopidi, Rajitha
	and Chang, Jia-Fu
	and Hua, Lei",
	title="Data Mining in Healthcare and Biomedicine: A Survey of the Literature",
	journal="Journal of Medical Systems",
	year="2012",
	month="Aug",
	day="01",
	volume="36",
	number="4",
	pages="2431--2448",
	issn="1573-689X",
	doi="10.1007/s10916-011-9710-5",
	url="https://doi.org/10.1007/s10916-011-9710-5"
}

@article{PENG201015,
	title = "A novel feature selection approach for biomedical data classification",
	journal = "Journal of Biomedical Informatics",
	volume = "43",
	number = "1",
	pages = "15 - 23",
	year = "2010",
	issn = "1532-0464",
	doi = "https://doi.org/10.1016/j.jbi.2009.07.008",
	url = "http://www.sciencedirect.com/science/article/pii/S1532046409001014",
	author = "Yonghong Peng and Zhiqing Wu and Jianmin Jiang",
	keywords = "Feature selection, Biomedical data classification, SFFS, ROC"
}

@article{CIOS20021,
	title = "Uniqueness of medical data mining",
	journal = "Artificial Intelligence in Medicine",
	volume = "26",
	number = "1",
	pages = "1 - 24",
	year = "2002",
	note = "Medical Data Mining and Knowledge Discovery",
	issn = "0933-3657",
	doi = "https://doi.org/10.1016/S0933-3657(02)00049-0",
	url = "http://www.sciencedirect.com/science/article/pii/S0933365702000490",
	author = "Krzysztof J. Cios and G. William Moore",
	keywords = "Medical data mining, Unique features of medical data mining and knowledge discovery, Ethical, Security and legal aspects of medical data mining"
}

@article{YANG2012S16,
	title = "Target discovery from data mining approaches",
	journal = "Drug Discovery Today",
	volume = "17",
	number = "Supplement ",
	pages = "S16 - S23",
	year = "2012",
	note = "Strategic Approach to Target Identification and Validation: A Supplement to Drug Discovery Today",
	issn = "1359-6446",
	doi = "https://doi.org/10.1016/j.drudis.2011.12.006",
	url = "http://www.sciencedirect.com/science/article/pii/S1359644611004338",
	author = "Yongliang Yang and S. James Adelstein and Amin I. Kassis"
}

@Inbook{Holzinger2014,
	author="Holzinger, Andreas
	and Jurisica, Igor",
	title="Knowledge Discovery and Data Mining in Biomedical Informatics: The Future Is in Integrative, Interactive Machine Learning Solutions",
	bookTitle="Interactive Knowledge Discovery and Data Mining in Biomedical Informatics: State-of-the-Art and Future Challenges",
	year="2014",
	publisher="Springer Berlin Heidelberg",
	address="Berlin, Heidelberg",
	pages="1--18",
	isbn="978-3-662-43968-5",
	doi="10.1007/978-3-662-43968-5_1",
	url="https://doi.org/10.1007/978-3-662-43968-5_1"
}

@Inbook{Otasek2014,
	author="Otasek, David
	and Pastrello, Chiara
	and Holzinger, Andreas
	and Jurisica, Igor",
	title="Visual Data Mining: Effective Exploration of the Biological Universe",
	bookTitle="Interactive Knowledge Discovery and Data Mining in Biomedical Informatics: State-of-the-Art and Future Challenges",
	year="2014",
	publisher="Springer Berlin Heidelberg",
	address="Berlin, Heidelberg",
	pages="19--33",
	isbn="978-3-662-43968-5",
	doi="10.1007/978-3-662-43968-5_2",
	url="https://doi.org/10.1007/978-3-662-43968-5_2"
}

@Inbook{Turkay2014,
	author="Turkay, Cagatay
	and Jeanquartier, Fleur
	and Holzinger, Andreas
	and Hauser, Helwig",
	title="On Computationally-Enhanced Visual Analysis of Heterogeneous Data and Its Application in Biomedical Informatics",
	bookTitle="Interactive Knowledge Discovery and Data Mining in Biomedical Informatics: State-of-the-Art and Future Challenges",
	year="2014",
	publisher="Springer Berlin Heidelberg",
	address="Berlin, Heidelberg",
	pages="117--140",
	isbn="978-3-662-43968-5",
	doi="10.1007/978-3-662-43968-5_7",
	url="https://doi.org/10.1007/978-3-662-43968-5_7"
}

@Inbook{Kobayashi2014,
	author="Kobayashi, Mei",
	title="Resources for Studying Statistical Analysis of Biomedical Data and R",
	bookTitle="Interactive Knowledge Discovery and Data Mining in Biomedical Informatics: State-of-the-Art and Future Challenges",
	year="2014",
	publisher="Springer Berlin Heidelberg",
	address="Berlin, Heidelberg",
	pages="183--195",
	isbn="978-3-662-43968-5",
	doi="10.1007/978-3-662-43968-5_10",
	url="https://doi.org/10.1007/978-3-662-43968-5_10"
}

@Inbook{Windridge2014,
	author="Windridge, David
	and Bober, Miroslaw",
	title="A Kernel-Based Framework for Medical Big-Data Analytics",
	bookTitle="Interactive Knowledge Discovery and Data Mining in Biomedical Informatics: State-of-the-Art and Future Challenges",
	year="2014",
	publisher="Springer Berlin Heidelberg",
	address="Berlin, Heidelberg",
	pages="197--208",
	isbn="978-3-662-43968-5",
	doi="10.1007/978-3-662-43968-5_11",
	url="https://doi.org/10.1007/978-3-662-43968-5_11"
}

@article{bellazzi2011data,
	title={Data analysis and data mining: current issues in biomedical informatics},
	author={Bellazzi, Riccardo and Diomidous, Marianna and Sarkar, Indra Neil and Takabayashi, Katsuhiko and Ziegler, Andreas and McCray, Alexa T and others},
	journal={Methods of information in medicine},
	volume={50},
	number={6},
	pages={536},
	year={2011}
}

@article{doi:10.1093/bib/bbx044,
	author = {Miotto, Riccardo and Wang, Fei and Wang, Shuang and Jiang, Xiaoqian and Dudley, Joel T.},
	title = {Deep learning for healthcare: review, opportunities and challenges},
	journal = {Briefings in Bioinformatics},
	volume = {},
	number = {},
	pages = {bbx044},
	year = {2017},
	doi = {10.1093/bib/bbx044},
	URL = { + http://dx.doi.org/10.1093/bib/bbx044},
	eprint = {/oup/backfile/content_public/journal/bib/pap/10.1093_bib_bbx044/1/bbx044.pdf}
}

@ARTICLE{7024124, 
	author={J. E. Vogt}, 
	journal={IEEE/ACM Transactions on Computational Biology and Bioinformatics}, 
	title={Unsupervised Structure Detection in Biomedical Data}, 
	year={2015}, 
	volume={12}, 
	number={4}, 
	pages={753-760}, 
	keywords={data analysis;data structures;medical computing;pattern clustering;unsupervised learning;biomedical data sets;complex underlying structure;computational biology;data structure;density based clustering methods;detects structure;distance data;easy-to-implement method;high-dimensional data;ranked neighborhood comparisons;social network analysis;state-of-the-art clustering methods;unsupervised structure detection;Bioinformatics;Clustering methods;Data visualization;Indexes;Proteins;Runtime;Sparse matrices;Bioinformatics;Clustering;Data Mining;Data mining;Knowledge Discovery;Network Analysis;Structure Detection;Unsupervised Learning;bioinformatics;clustering;knowledge discovery;network analysis;structure detection;unsupervised learning;Algorithms;Anti-HIV Agents;Artificial Intelligence;Computational Biology;Data Mining;Databases, Factual;Drug Discovery;HIV Infections;Humans;Neoplasms;Pattern Recognition, Automated}, 
	doi={10.1109/TCBB.2015.2394408}, 
	ISSN={1545-5963}, 
	month={July},}

@article{zupan2006knowledge,
	title={Knowledge-based data analysis and interpretation},
	author={Zupan, Blaz and Holmes, John H and Bellazzi, Riccardo},
	journal={Artificial Intelligence in Medicine},
	volume={37},
	number={3},
	pages={163--165},
	year={2006},
	publisher={Elsevier}
}

@inproceedings{fayyad1996knowledge,
	title={Knowledge Discovery and Data Mining: Towards a Unifying Framework.},
	author={Fayyad, Usama M and Piatetsky-Shapiro, Gregory and Smyth, Padhraic and others},
	booktitle={KDD},
	volume={96},
	pages={82--88},
	year={1996}
}

@article{cios2000knowledge,
	title={A knowledge discovery approach to diagnosing myocardial perfusion},
	author={Cios, Krzysztof J and Teresinska, Anna and Konieczna, Stefania and Potocka, Joanna and Sharma, Sunil},
	journal={IEEE Engineering in Medicine and Biology Magazine},
	volume={19},
	number={4},
	pages={17--25},
	year={2000},
	publisher={IEEE}
}

@book{chen2006medical,
	title={Medical informatics: knowledge management and data mining in biomedicine},
	author={Chen, Hsinchun and Fuller, Sherrilynne S and Friedman, Carol and Hersh, William},
	volume={8},
	year={2006},
	publisher={Springer Science \& Business Media}
}

@article{blythe2008rise,
	title={Rise of the graphics processor},
	author={Blythe, David},
	journal={Proceedings of the IEEE},
	volume={96},
	number={5},
	pages={761--778},
	year={2008},
	publisher={IEEE}
}